<record><leader>01933cam a2200493oa 4500</leader><controlfield tag="001">6716601</controlfield><controlfield tag="003">CaONFJC</controlfield><controlfield tag="005">20141023164007.0</controlfield><controlfield tag="006">m     o  d        </controlfield><controlfield tag="007">cr cnu---unuuu</controlfield><controlfield tag="008">140830s2015    nyu     ob    001 0 eng d</controlfield><datafield ind1=" " ind2=" " tag="020"><subfield code="a">9781135072308 (electronic bk.)</subfield></datafield><datafield ind1=" " ind2=" " tag="020"><subfield code="a">1135072302 (electronic bk.)</subfield></datafield><datafield ind1=" " ind2=" " tag="020"><subfield code="a">9781322093796 (MyiLibrary)</subfield></datafield><datafield ind1=" " ind2=" " tag="037"><subfield code="a">640630</subfield><subfield code="b">MIL</subfield></datafield><datafield ind1=" " ind2=" " tag="039"><subfield code="a">exclude</subfield></datafield><datafield ind1=" " ind2=" " tag="040"><subfield code="a">CaONFJC</subfield><subfield code="c">CaONFJC</subfield><subfield code="d">AEU</subfield></datafield><datafield ind1=" " ind2="4" tag="050"><subfield code="a">RC394.A85</subfield></datafield><datafield ind1=" " ind2="7" tag="072"><subfield code="a">HEA</subfield><subfield code="x">039000</subfield><subfield code="2">bisacsh</subfield></datafield><datafield ind1=" " ind2="7" tag="072"><subfield code="a">MED</subfield><subfield code="x">014000</subfield><subfield code="2">bisacsh</subfield></datafield><datafield ind1=" " ind2="7" tag="072"><subfield code="a">MED</subfield><subfield code="x">022000</subfield><subfield code="2">bisacsh</subfield></datafield><datafield ind1=" " ind2="7" tag="072"><subfield code="a">MED</subfield><subfield code="x">112000</subfield><subfield code="2">bisacsh</subfield></datafield><datafield ind1=" " ind2="7" tag="072"><subfield code="a">MED</subfield><subfield code="x">045000</subfield><subfield code="2">bisacsh</subfield></datafield><datafield ind1="0" ind2="4" tag="082"><subfield code="a">616.85/89</subfield><subfield code="2">23</subfield></datafield><datafield ind1=" " ind2=" " tag="090"><subfield code="a">Internet Access</subfield><subfield code="b">AEGMCT</subfield></datafield><datafield ind1="1" ind2=" " tag="100"><subfield code="a">Ramsay, J. Russell,</subfield><subfield code="e">author.</subfield></datafield><datafield ind1="1" ind2="4" tag="245"><subfield code="a">The adult ADHD tool kit</subfield><subfield code="h">[electronic resource] :</subfield><subfield code="b">using CBT to facilitate coping inside and out /</subfield><subfield code="c">by J. Russell Ramsay and Anthony L. Rostain.</subfield></datafield><datafield ind1=" " ind2=" " tag="260"><subfield code="a">New York :</subfield><subfield code="b">Routledge, Taylor and Francis,</subfield><subfield code="c">2015.</subfield></datafield><datafield ind1=" " ind2=" " tag="300"><subfield code="a">1 online resource (215 p.)</subfield></datafield><datafield ind1=" " ind2=" " tag="336"><subfield code="a">text</subfield><subfield code="b">txt</subfield><subfield code="2">rdacontent</subfield></datafield><datafield ind1=" " ind2=" " tag="337"><subfield code="a">computer</subfield><subfield code="b">c</subfield><subfield code="2">rdamedia</subfield></datafield><datafield ind1=" " ind2=" " tag="338"><subfield code="a">online resource</subfield><subfield code="b">cr</subfield><subfield code="2">rdacarrier</subfield></datafield><datafield ind1=" " ind2=" " tag="500"><subfield code="a">Description based upon print version of record.</subfield></datafield><datafield ind1=" " ind2=" " tag="500"><subfield code="a">Asking for Help and Self-advocacy</subfield></datafield><datafield ind1=" " ind2=" " tag="504"><subfield code="a">Includes bibliographical references and index.</subfield></datafield><datafield ind1=" " ind2=" " tag="506"><subfield code="a">Access restricted to authorized users and institutions.</subfield></datafield><datafield ind1=" " ind2=" " tag="596"><subfield code="a">57</subfield></datafield><datafield ind1=" " ind2="0" tag="650"><subfield code="a">Attention-deficit hyperactivity disorder</subfield><subfield code="x">Psychology.</subfield></datafield><datafield ind1=" " ind2="0" tag="650"><subfield code="a">Attention-deficit hyperactivity disorder</subfield><subfield code="x">Treatment.</subfield></datafield><datafield ind1=" " ind2="0" tag="650"><subfield code="a">Cognitive therapy</subfield><subfield code="v">Methods.</subfield></datafield><datafield ind1="1" ind2=" " tag="700"><subfield code="a">Rostain, Anthony L.,</subfield><subfield code="e">author.</subfield></datafield><datafield ind1="4" ind2="0" tag="856"><subfield code="3">MacEwan University Access</subfield><subfield code="u">http://lib.myilibrary.com/detail.asp?ID=640630</subfield><subfield code="z">(Single User Access)</subfield></datafield><datafield ind1=" " ind2=" " tag="949"><subfield code="w">ORDER</subfield><subfield code="h">UAIN</subfield><subfield code="m">GR_MAC_INT</subfield><subfield code="z">MILGMPSA</subfield></datafield><datafield ind1=" " ind2=" " tag="926"><subfield code="a">Internet Access</subfield><subfield code="w">ORDER</subfield><subfield code="c">1</subfield><subfield code="i">6716601-1001</subfield><subfield code="l">INTERNET</subfield><subfield code="m">GR_MAC_INT</subfield><subfield code="r">Y</subfield><subfield code="s">Y</subfield><subfield code="t">E-RESOURCE</subfield><subfield code="u">11/3/2014</subfield><subfield code="x">E-BOOK</subfield><subfield code="z">MILGMPSA</subfield></datafield></record>